@article{Clauset2009,
  doi = {10.1137/070710111},
  url = {https://doi.org/10.1137/070710111},
  year  = {2009},
  month = {nov},
  publisher = {Society for Industrial {\&} Applied Mathematics ({SIAM})},
  volume = {51},
  number = {4},
  pages = {661--703},
  author = {Aaron Clauset and Cosma Rohilla Shalizi and M. E. J. Newman},
  title = {Power-Law Distributions in Empirical Data},
  journal = {{SIAM} Review}
}

@misc{dataset,
title={Wikipedia links, Portuguese},
howpublished={\url{http://konect.uni-koblenz.de/networks/wikipedia_link_pt}},
publisher={KONECT},
year={2017},
month={Apr}
}

@misc{webgraph,
title={WebGraph},
howpublished={\url{http://webgraph.di.unimi.it/}}
}

@misc{aplf,
title={A. P. Francisco: Webgraph related stuff}, howpublished={\url{http://web.ist.utl.pt/aplf/code/webgraph}},
publisher={Alexandre Francisco}
}

@inproceedings{Boldi2011HyperANFAT,
  title={HyperANF: Approximating the Neighbourhood Function of Very Large Graphs on a Budget},
  author={Paolo Boldi and Marco Rosa and Sebastiano Vigna},
  booktitle={WWW},
  year={2011}
}

@inproceedings{DBLP:conf/icdm/BoldiV13,
  author    = {Paolo Boldi and
               Sebastiano Vigna},
  title     = {In-Core Computation of Geometric Centralities with HyperBall: {A}
               Hundred Billion Nodes and Beyond},
  booktitle = {13th {IEEE} International Conference on Data Mining Workshops, {ICDM}
               Workshops, TX, USA, December 7-10, 2013},
  pages     = {621--628},
  year      = {2013},
  crossref  = {DBLP:conf/icdm/2013w},
  url       = {https://doi.org/10.1109/ICDMW.2013.10},
  doi       = {10.1109/ICDMW.2013.10},
  timestamp = {Sat, 16 Sep 2017 12:09:22 +0200},
  biburl    = {https://dblp.org/rec/bib/conf/icdm/BoldiV13},
  bibsource = {dblp computer science bibliography, https://dblp.org}
}